% Referenciado en theoretical foundations en el concepto deep learning 
@online{ibm_deep_learning,
  author       = {IBM},
  title        = {¿Qué es el deep learning?},
  year         = {2024},
  url          = {https://www.ibm.com/es-es/topics/deep-learning},
  note         = {Consultado: 3 de noviembre de 2024}
}

@misc{deep_learning_img,
  author = {quanta magazine},
  title = {Funcionamiento de una red deep learning básica},
  url = {https://iddigitalschool.com/bootcamps/wp-content/uploads/2021/11/deep-learning-proceso.png},
  note = {Consultado: 4 de noviembre de 2024}
}

% Referenciado en theoretical foundations en el concepto de CNN
@misc{grayscale_values,
  author = {Jorge Cardete},
  title = {Imagen en escala de grises},
  url = {https://images.javatpoint.com/tutorial/dip/images/concept-of-pixel2.png},
  note = {Consultado: 4 de noviembre de 2024}
}

% Referenciado en theoretical foundations en el concepto de CNN
@online{medium_cnn,
  author = {Jorge Cardete},
  title = {Convolutional Neural Networks: A Comprehensive Guide},
  year = {2024},
  url = {https://medium.com/thedeephub/convolutional-neural-networks-a-comprehensive-guide-5cc0b5eae175},
  note = {Consultado: 3 de noviembre de 2024}
}

% Referenciado en theoretical foundations en el concepto de CNN
@misc{pixels_in_image,
  author = {javatpoint},
  title = {Representación de una imagen en pixeles},
  year = {2024},
  url = {https://miro.medium.com/v2/resize:fit:828/format:webp/ 0*IjuQtgtesflU7sLy.png},
  note = {Consultado: 4 de noviembre de 2024}
}

% Referenciado en theoretical foundations en el concepto de Kernel
@misc{sobel_kernel,
  author = {Hakan Koyuncu},
  title = {Kernel de Sobel horizontal y vertical},
  url = {https://www.researchgate.net/profile/Hakan-Koyuncu-3/publication/352877801/figure/fig2/ AS:1040684672892937@1625129969712/Sobel-horizontal-and-vertical-kernels.ppm},
  note = {Consultado: 4 de noviembre de 2024}
}

% Referenciado en theoretical foundations en el ejemplo de calculo de convolución
@misc{kernel_calculation,
  author = {IBM},
  title = {Calculo en el proceso de convolución},
  url = {https://www.ibm.com/content/dam/connectedassets-adobe-cms/worldwide-content/creative-assets/s-migr/ul/g/ed/92/iclh-diagram-convolutional-neural-networks.png},
  note = {Consultado: 4 de noviembre de 2024}
}

% Referencia en theoretical foundations en el concepto de pooling
@misc{max_pooling,
  author = {Abhishek Jain},
  title = {Max Pooling en una CNN},
  url = {https://medium.com/@abhishekjainindore24/pooling-and-their-types-in-cnn-4a4b8a7a4611},
  note = {Consultado: 4 de noviembre de 2024}
}

% Referencia en theoretical foundations en el concepto de pooling
@misc{average_pooling,
  author = {Abhishek Jain},
  title = {Average Pooling en una CNN},
  url = {https://medium.com/@abhishekjainindore24/pooling-and-their-types-in-cnn-4a4b8a7a4611},
  note = {Consultado: 4 de noviembre de 2024}
}

% Referencia en theoretical foundations en el concepto de pooling
@online{medium_pooling,
  author = {Abhishek Jain},
  title = {Pooling and their types in CNN},
  year = {2024},
  url = {https://medium.com/thedeephub/pooling-in-convolutional-neural-networks-644e8b2b7a4e},
  note = {Consultado: 4 de noviembre de 2024}
}

% Referencia en theoretical foundations en el concepto de fully connected layer
@misc{capa_aplanada,
  author = {Rukshan Pramoditha},
  title = {Flatten Layer en una CNN},
  url = {https://towardsdatascience.com/convolutional-neural-network-cnn-architecture-explained-in-plain-english-using-simple-diagrams-e5de17eacc8f},
  note = {Consultado: 4 de noviembre de 2024}
}

% Referencia en theoretical foundations en el concepto de fully connected layer
@misc{capa_conectada,
  author = {Indian Tech Warrior},
  title = {Fully Connected Layer en una CNN},
  url = {https://indiantechwarrior.com/fully-connected-layers-in-convolutional-neural-networks/},
  note = {Consultado: 4 de noviembre de 2024}
}

@online{lenet_history_geeks,
  author = {Nikhil Patni},
  title = {Historia de LeNet},
  year = {2024},
  url = {https://www.geeksforgeeks.org/what-is-lenet/},
  note = {Consultado: 4 de noviembre de 2024}
}

@misc{Lenet_1,
  author = {Yann LeCun},
  title = {LeNet-1},
  url = {https://sh-tsang.medium.com/paper-brief-review-of-lenet-1-lenet-4-lenet-5-boosted-lenet-4-image-classification-1f5f809dbf17},
  note = {Consultado: 4 de noviembre de 2024}
}

@misc{Lenet_4,
  author = {Yann LeCun},
  title = {LeNet-4},
  url = {https://sh-tsang.medium.com/paper-brief-review-of-lenet-1-lenet-4-lenet-5-boosted-lenet-4-image-classification-1f5f809dbf17},
  note = {Consultado: 4 de noviembre de 2024}
}

@misc{Lenet_5,
  author = {Zhang Aston},
  title = {LeNet-5},
  url = {https://en.wikipedia.org/wiki/LeNet},
  note = {Consultado: 4 de noviembre de 2024}
}

@misc{LeNet_4_boosted,
  author = {Yann LeCun},
  title = {Boosted LeNet-4},
  url = {https://sh-tsang.medium.com/paper-brief-review-of-lenet-1-lenet-4-lenet-5-boosted-lenet-4-image-classification-1f5f809dbf17},
  note = {Consultado: 4 de noviembre de 2024}
}

@online{lenet_neha,
  author = {Neha Vishwakarma},
  title = {LeNet history and applications},
  year = {2024},
  url = {https://www.analyticsvidhya.com/blog/2023/11/lenet-architectural-insights-and-practical-implementation/},
  note = {Consultado: 5 de noviembre de 2024}
}

@article{lecun_comparison_image,
  author       = {LeCun, Yann and Boser, Bernhard and Denker, John S. and Henderson, Donnie and Howard, Richard E. and Hubbard, Wayne and Jackel, Lawrence D.},
  title        = {Gradient-based learning applied to document recognition},
  journal      = {Proceedings of the IEEE},
  year         = {1998},
  volume       = {86},
  number       = {11},
  note         = {La imagen de comparación se encuentra en la página 12.},
}


@article{lenet_medical,
  author = {Sathiyabhama Balasubramaniam and Yuvarajan Velmurugan and Dhayanithi Jaganathan and Seshathiri Dhanasekaran},
  journal = {MDPI},
  number = {2746},
  title = {A Modified LeNet CNN for Breast Cancer Diagnosis in Ultrasound Images},
  volume = {13},
  year = {2023}
}

@online{lenet_traffic_sings,
  author = {Andrii Gozhulovskyi},
  title = {Classification of Traffic Signs with LeNet-5 CNN},
  year = {2022},
  url = {https://towardsdatascience.com/classification-of-traffic-signs-with-lenet-5-cnn-cb861289bd62},
  note = {Consultado: 5 de noviembre de 2024}
}

@misc{shvn_color,
  author = {Yuval Netzer and Tao Wang and Adam Coates and Alessandro Bissacco and Bo Wu and Andrew Y},
  title = {Reading Digits in Natural Images with Unsupervised Feature Learning NIPS Workshop on Deep Learning and Unsupervised Feature Learning 2011},
  url = {http://ufldl.stanford.edu/housenumbers},
  note = {Consultado: 6 de noviembre de 2024}
}

@online{kaggle_data,
  author = {Thiago Oliveira},
  title = {Numerical Images},
  year = {2021},
  url = {https://www.kaggle.com/datasets/pintowar/numerical-images},
  note = {Consultado: 7 de noviembre de 2024}
}

@misc{d2l,
  author = {{Dive Into Deep Learning}},
  title = {Convolutional Neural Network LeNet},
  url = {https://d2l.ai/chapter\_convolutional-neural-networks/lenet.html},
  note = {Consultado: 7 de noviembre de 2024}
}

@online{sigmoid,
  author = {Mehreen Saeed},
  title = {A Gentle Introduction To Sigmoid Function},
  year = {2021  },
  url = {https://machinelearningmastery.com/a-gentle-introduction-to-sigmoid-function/},
  note = {Consultado: 7 de noviembre de 2024}
}

@online{activation_functions,
  author = {Moez All},
  title = {Introduction to Activation Functions in Neural Networks},
  year = {2024},
  url = {https://www.datacamp.com/tutorial/introduction-to-activation-functions-in-neural-networks},
  note = {Consultado: 7 de noviembre de 2024}
}

@misc{sigmoid_graph,
  author = {Moze All},
  title = {Sigmoid Function Graph},
  url = {https://www.datacamp.com/tutorial/introduction-to-activation-functions-in-neural-networks},
  note = {Consultado: 7 de noviembre de 2024}
}

@misc{tanh_graph,
  author = {Moez All},
  title = {Tanh Function Graph},
  url = {https://www.datacamp.com/tutorial/introduction-to-activation-functions-in-neural-networks},
  note = {Consultado: 7 de noviembre de 2024}
}

@misc{relu_graph,
  author = {Moez All},
  title = {ReLU Function Graph},
  url = {https://www.datacamp.com/tutorial/introduction-to-activation-functions-in-neural-networks},
  note = {Consultado: 7 de noviembre de 2024}
}

@misc{softmax_graph,
  author = {Moez All},
  title = {Softmax Function Graph},
  url = {https://www.datacamp.com/tutorial/introduction-to-activation-functions-in-neural-networks},
  note = {Consultado: 7 de noviembre de 2024}
}
